@article{cook2004universality,
    title={Universality in elementary cellular automata},
    author={Cook, Matthew},
    journal={Complex systems},
    volume={15},
    number={1},
    pages={1--40},
    year={2004},
    publisher={[Champaign, IL, USA: Complex Systems
        Publications, Inc., c1987-}
}

@article{turing1937computable,
    title={On computable numbers, with an application to the
        Entscheidungsproblem},
    author={Turing, Alan Mathison},
    journal={Proceedings of the London mathematical society},
    volume={2},
    number={1},
    pages={230--265},
    year={1937},
    publisher={Wiley Online Library}
}

@article{post1943formal,
    title={Formal reductions of the general combinatorial decision problem},
    author={Post, Emil L},
    journal={American journal of mathematics},
    volume={65},
    number={2},
    pages={197--215},
    year={1943},
    publisher={JSTOR}
}

@article{von1951general,
    title={The general and logical theory of automata},
    author={Von Neumann, John},
    journal={Cerebral mechanisms in behavior},
    volume={1},
    number={41},
    pages={1--2},
    year={1951},
    publisher={New York: John Wiley\& Sons}
}

@book{wolfram1986theory,
    title={Theory and applications of cellular automata: including selected
        papers 1983-1986},
    author={Wolfram, Stephen},
    year={1986},
    publisher={World scientific}
}

@article{turing1939systems,
    title={Systems of logic based on ordinals},
    author={Turing, Alan Mathison},
    journal={Proceedings of the London mathematical society},
    volume={2},
    number={1},
    pages={161--228},
    year={1939},
    publisher={Wiley Online Library}
}

@article{buterin2014next,
    title={A next-generation smart contract and decentralized application
        platform},
    author={Buterin, Vitalik and others},
    journal={white paper},
    year={2014}
}

@article{nakamoto2008bitcoin,
    title={Bitcoin: A peer-to-peer electronic cash system},
    author={Nakamoto, Satoshi},
    year={2008}
}
